<collection xmlns="http://www.loc.gov/MARC21/slim">
<record>
  <leader>02129nam0a2200361 i 450 </leader>
  <controlfield tag="001">IT\ICCU\CNCE\016840</controlfield>
  <controlfield tag="005">20071015000000.0</controlfield>
  <datafield tag="012" ind1=" " ind2=" ">
    <subfield code="a">e.os tare o.no leop (3) 1597 (A)</subfield>
    <subfield code="2">fei</subfield>
  </datafield>
  <datafield tag="100" ind1=" " ind2=" ">
    <subfield code="a">19970101d1597        0itac0103    ba</subfield>
  </datafield>
  <datafield tag="101" ind1=" " ind2=" ">
    <subfield code="a">LAT</subfield>
  </datafield>
  <datafield tag="102" ind1=" " ind2=" ">
    <subfield code="a">IT</subfield>
  </datafield>
  <datafield tag="200" ind1="1" ind2=" ">
    <subfield code="a">De recta curandi ratione per sanguinis missionem liber vnicus. In quo tm̮ cumulat,̈ tm̮ doct ̈exponitur eadem in re Galeni sententia.  Authore Ioanne Nicolao Rogerio philosopho ac medico in schola Salernitana medicinam mirabili cum laude public ̈profitente</subfield>
  </datafield>
  <datafield tag="210" ind1=" " ind2=" ">
    <subfield code="a">Venetijs</subfield>
    <subfield code="c">apud Georgium Angelerium</subfield>
    <subfield code="d">1597</subfield>
  </datafield>
  <datafield tag="215" ind1=" " ind2=" ">
    <subfield code="a">242, \10! p.</subfield>
    <subfield code="d">4ʻ</subfield>
  </datafield>
  <datafield tag="620" ind1=" " ind2=" ">
    <subfield code="a">IT</subfield>
    <subfield code="d">Venezia</subfield>
  </datafield>
  <datafield tag="700" ind1=" " ind2="1">
    <subfield code="a">De_Roggiero,</subfield>
    <subfield code="b">Giovanni Nicola</subfield>
    <subfield code="3">IT\ICCU\CNCA\004772</subfield>
  </datafield>
  <datafield tag="712" ind1="0" ind2="0">
    <subfield code="a">Angelieri, Giorgio</subfield>
    <subfield code="3">IT\ICCU\CNCT\000385</subfield>
    <subfield code="4">650</subfield>
  </datafield>
  <datafield tag="790" ind1=" " ind2="1">
    <subfield code="a">Rogerius,</subfield>
    <subfield code="b">Ioannes Nicolaus</subfield>
    <subfield code="3">IT\ICCU\CNCA\015155</subfield>
    <subfield code="z">De_Roggiero, Giovanni Nicola</subfield>
  </datafield>
  <datafield tag="790" ind1=" " ind2="1">
    <subfield code="a">Roggiero,</subfield>
    <subfield code="b">Giovanni Nicola : de</subfield>
    <subfield code="3">IT\ICCU\CNCA\015168</subfield>
    <subfield code="z">De_Roggiero, Giovanni Nicola</subfield>
  </datafield>
  <datafield tag="790" ind1=" " ind2="1">
    <subfield code="a">Rogiero,</subfield>
    <subfield code="b">Giovanni Niccol ̣: de</subfield>
    <subfield code="3">IT\ICCU\CNCA\015314</subfield>
    <subfield code="z">De_Roggiero, Giovanni Nicola</subfield>
  </datafield>
  <datafield tag="791" ind1="0" ind2="0">
    <subfield code="a">Angelerius, Georgius</subfield>
    <subfield code="3">IT\ICCU\CNCT\004246</subfield>
    <subfield code="z">Angelieri, Giorgio</subfield>
  </datafield>
  <datafield tag="801" ind1=" " ind2="3">
    <subfield code="a">IT</subfield>
    <subfield code="b">ICCU</subfield>
    <subfield code="c">20201114</subfield>
  </datafield>
  <datafield tag="899" ind1=" " ind2=" ">
    <subfield code="a">Biblioteca del Seminario vescovile. Casale Monferrato</subfield>
    <subfield code="z">MUTILO</subfield>
    <subfield code="1">AL0024</subfield>
    <subfield code="2">TO0 L2</subfield>
  </datafield>
  <datafield tag="899" ind1=" " ind2=" ">
    <subfield code="a">Biblioteca comunale Luciano Benincasa. Ancona</subfield>
    <subfield code="1">AN0001</subfield>
    <subfield code="2">URB BA</subfield>
  </datafield>
  <datafield tag="899" ind1=" " ind2=" ">
    <subfield code="a">Biblioteca comunale dell&apos;Archiginnasio. Bologna</subfield>
    <subfield code="z">MUTILO</subfield>
    <subfield code="1">BO0304</subfield>
    <subfield code="2">UBO GA</subfield>
  </datafield>
  <datafield tag="899" ind1=" " ind2=" ">
    <subfield code="a">Biblioteca nazionale Braidense. Milano</subfield>
    <subfield code="1">MI0185</subfield>
    <subfield code="2">MIL NB</subfield>
  </datafield>
  <datafield tag="899" ind1=" " ind2=" ">
    <subfield code="a">Biblioteca nazionale Vittorio Emanuele III. Napoli</subfield>
    <subfield code="1">NA0079</subfield>
    <subfield code="2">NAP BN</subfield>
  </datafield>
  <datafield tag="899" ind1=" " ind2=" ">
    <subfield code="a">Biblioteca del Gabinetto di lettura. Este</subfield>
    <subfield code="1">PD0040</subfield>
    <subfield code="2">ZPD 18</subfield>
  </datafield>
  <datafield tag="899" ind1=" " ind2=" ">
    <subfield code="a">Biblioteca comunale Forteguerriana. Pistoia</subfield>
    <subfield code="1">PT0025</subfield>
    <subfield code="2">RT1 IE</subfield>
  </datafield>
  <datafield tag="899" ind1=" " ind2=" ">
    <subfield code="a">Biblioteca universitaria. Pavia</subfield>
    <subfield code="1">PV0291</subfield>
    <subfield code="2">MIL UP</subfield>
  </datafield>
  <datafield tag="899" ind1=" " ind2=" ">
    <subfield code="a">Collezione privata Bernardo Altieri. Salerno</subfield>
    <subfield code="1">SA0250</subfield>
  </datafield>
  <datafield tag="911" ind1=" " ind2=" ">
    <subfield code="a">su front.</subfield>
    <subfield code="9">IT\ICCU\CNCM\000457</subfield>
  </datafield>
  <datafield tag="921" ind1=" " ind2=" ">
    <subfield code="a">IT\ICCU\CNCM\000457</subfield>
    <subfield code="b">Anfora inclinata da cui cadono gocce su una pianta. Sullo sfondo paesaggio e sole. In cornice figurata</subfield>
    <subfield code="e">A poco a poco.</subfield>
    <subfield code="c">Z76</subfield>
    <subfield code="d">Dimensioni: 6 x 7,2</subfield>
    <subfield code="f">ANFORA</subfield>
    <subfield code="f">APOCOAPOCO</subfield>
    <subfield code="f">PIANTA</subfield>
    <subfield code="f">SOLE</subfield>
    <subfield code="g">1574-1600</subfield>
  </datafield>
</record>
</collection>
